@misc{bordini-jason,
	Author = {Bordini, R.H. and others},
	Title = {{Jason: A java-based agentspeak interpreter used with saci for multi-agent distribution over the net, manual, first release edition}},
	Url = {http://jason.sourceforge.net},
	Urlaccessdate = {28 oct. 2009}}

@book{ortony1988cse,
	Author = {Ortony, A.A. and Collins, A.A. and Clore, G.L.},
	Publisher = {Cambridge university press},
	Title = {{The cognitive structure of emotions}},
	Year = {1988}}

@book{bordini2009multi,
	Author = {Bordini, R.H. and Dastani, M. and Dix, J. and Seghrouchni, A.E.F.},
	Publisher = {Springer},
	Title = {{Multi-Agent Tools: Languages, Platforms and Applications}},
	Year = {2009}}

@book{damasio2004erro,
	Author = {Dam{\'a}sio, A.R.},
	Publisher = {Companhia das Letras},
	Title = {{O erro de Descartes: emo{\c{c}}{\~a}o, raz{\~a}o e o c{\'e}rebro humano}},
	Year = {2004}}

@book{ledoux1998emotional,
	Author = {LeDoux, J.},
	Publisher = {Simon \& Schuster},
	Title = {{The emotional brain: The mysterious underpinnings of emotional life}},
	Year = {1998}}

@inproceedings{terzopoulos1998behavioral,
	Author = {Terzopoulos, D. and In, X. and Joshi, K. and Reynolds, C. and Simpson, T.},
	Title = {{Behavioral modeling and animation (panel): past, present, and future}},
	Organization = {International Conference on Computer Graphics and Interactive Techniques},
	Address = {New York, USA},
	publisher = {ACM New York},
	pages = {209--211},
	booktitle = {\textbf{Painel...}},
	Year = {1998}}

@article{damiano2008emotions,
	Author = {Damiano, R. and Pizzo, A.},
	Title = {{Emotions in drama characters and virtual agents}},
	Journal = {AAAI Sprint Symposium on Emotion, Personality, and Social Behavior},
	Volume = {296},
	Year = {2008}}

@article{neto2010construction,
	Author = {Neto, A. F. B. and da Silva, F. S. C.},
	Title = {{On the Construction of Synthetic Characters with Personality and Emotion}},
	Address={S{\~a}o Bernardo Do Campo, Brazil},
	Journal = {Advances in Artificial Intelligence},
	section = {SBIA 2010: 20th Brazilian Symposium on Artificial Intelligence},
	Publisher = {Springer-Verlag New York Inc},
	Year = {2010}}

@inproceedings{bickmore2009virtual,
	Author = {Bickmore, T. and Schulman, D.},
	Title = {{A virtual laboratory for studying long-term relationships between humans and virtual agents}},
	Organization = {International Conference on Autonomous Agents and Multiagent Systems},
	conference-location = {AAMAS, 8th., 2009, Budapeste, Hungria.},
	Publisher = {International Foundation for Autonomous Agents and Multiagent Systems},
	pages = {297--304},
	booktitle = {\textbf{Proceedings...}},
	Volume = {1},
	Year = {2009}}

@inproceedings{zhang2009emotional,
	author = {zhang, hl and shen, z. and tao, x. and miao, c. and li, b. and others},
	title = {{Emotional agent in serious game (dino)}},
	Organization = {International Conference on Autonomous Agents and Multiagent Systems},
	Publisher = {International Foundation for Autonomous Agents and Multiagent Systems},
	conference-location = {AAMAS, 8th., 2009, Budapeste, Hungria.},
	Volume = {2},
	booktitle = {\textbf{Proceedings...}},
	pages = {1385--1386},
	year = {2009}}

@inproceedings{benta2007ontology,
	Author = {Benta, K.I. and Rar{\u{a}}u, A. and Cremene, M.},
	Title = {{Ontology Based Affective Context Representation}},
	Organization = {Euro American conference on Telematics and information systems},
	conference-location={EATIS, 2007, Faro, Portugal.},
	publisher = {ACM New York},
	Address = {New York, USA},
	booktitle = {\textbf{Proceedings...}},
	Year = {2007}}

@inproceedings{gratch2000empitae,
	Address = {New York, NY, USA},
	Author = {Gratch, Jonathan},
	Organization = {International Conference on Autonomous Agents},
	booktitle = {\textbf{Proceedings...}},
	pages = {325--332},
	Publisher = {ACM},
	conference-location = {4th, Barcelona, Spain},
	Title = {{\'E}mile: Marshalling passions in training and education},
	Year = {2000}}

@phdthesis{elliott1992tar,
	Address = {Evanston, IL, USA},
	Author = {Elliott, Clark Davidson},
	Title = {The affective reasoner: a process model of emotions in a multi-agent system},
	School = {Northwestern University},
	type = {Doutorado em Ci{\^ e}ncia da Computa{\c c}\~ao},
	pages={135},
	pagename={f.},
	Year = {1992}}

@article{dastani20082apl,
	Author = {Dastani, M.},
	Title = {2APL: a practical agent programming language},
	Journal = {Autonomous Agents and Multi-Agent Systems},
	Publisher = {Springer},
	Pages = {214--248},
	Volume = {16},
	Year = {2008}}

@article{dias2005feeling,
	Author = {Dias, J. and Paiva, A.},
	Title = {Feeling and reasoning: A computational model for emotional characters},
	Journal = {Progress in artificial intelligence},
	Publisher = {Springer},
	Pages = {127--140},
	Year = {2005}}

@article{gratch2004domain,
	Author = {Jonathan Gratch and Stacy Marsella},
	Title = {A domain-independent framework for modeling emotion},
	Journal = {Cognitive Systems Research},
	Publisher = {Elsevier},
	Pages = {269--306},
	Volume = {5},
	Year = {2004}}

@inproceedings{paiva2005ontology,
	Author = {D. C. Paiva and R. Vieira and S. R. Musse},
	Organization={The Computer Graphics International},
	conference-location={CGI2005, 2005, Stony Brook, New York, USA.},
	booktitle = {\textbf{Proceedings...}},
	Publisher = {IEEE Computer Society},
	pages = {221--226},
	Title = {Ontology-based crowd simulation for normal life situations},
	Year = {2005}}

@inproceedings{kshirsagar2002multilayer,
	Author = {Kshirsagar, S.},
	Organization = {International Symposium on Smart Graphics},
	conference-location={2nd., 2002, Hawthorne, USA.},
	booktitle = {\textbf{Proceedings...}},
	Publisher = {ACM},
	pages = {107--115},
	Title = {A multilayer personality model},
	Year = {2002}}

@inproceedings{lera2009semantic,
	Author = {Lera, I. and Arellano, D. and Varona, J. and Juiz, C. and Puigjaner, R.},
	Organization = {Symposium of Ubiquitous Computing and Ambient Intelligence},
	conference-location = {3rd., 2008, Salamanca, Espanha.},
	booktitle = {\textbf{Proceedings...}},
	Publisher = {Springer},
	pages = {139--148},
	Title = {Semantic model for facial emotion to improve the human computer interaction in ami},
	Year = {2008}}

@article{springerlink:10.1007/978-3-642-01639-448,
	Author = {Hwang, WooYeon and Yang, Jung-Jin},
	Title = {Ontology-Based Emotion System for Digital Environment},
	Journal = {Agent Computing and Multi-Agent Systems},
	Editor = {Ghose, Aditya and Governatori, Guido and Sadananda, Ramakoti},
	Publisher = {Springer},
	Series = {Lecture pages in Computer Science},
	Pages = {464--472},
	Volume = {5044},
	Year = {2009}}

@article{Gutierrez:2007:OVH:1229160.1229164,
	Address = {Secaucus, NJ, USA},
	Author = {Mario Guti{\'e}rrez and Alejandra Garc{\'\i}a-Rojas and Daniel Thalmann and Frederic Vexo and Laurent Moccozet and Nadia Magnenat-Thalmann and Michela Mortara and Michela Spagnuolo},
	Journal = {The {V}isual {C}omputer},
	Pages = {207--218},
	Publisher = {Springer-Verlag},
	Title = {An ontology of virtual humans: {I}ncorporating semantics into human shapes},
	Volume = {23},
	Year = {2007},
	url={http://infoscience.epfl.ch/record/100019/files/Gutierrez{\_}Thalmann{\_}Vexo{\_}SVE{\_}05.pdf},
	urlaccessdate={18 jan. 2012}}

@article{gruber1993translation,
	Author = {Gruber, T.R. and others},
	Journal = {Knowledge acquisition},
	Pages = {199--220},
	Title = {A translation approach to portable ontology specifications},
	Volume = {5},
	Year = {1993}}

@inbook{scherer2000tnoe,
	Booktitle = {The neuropsychology of emotion},
	Author = {Joan C. Borod},
	Publisher = {Oxford University Press},
	Title = {Psychological models of emotion. {SCHERER, K. R.}},
	Chapter = {6},
	Year = {2000}}

@article{laird2001human,
	Author = {Laird, J. and VanLent, M.},
	Journal = {AI magazine},
	Number = {2},
	Title = {Human-level AI's killer application: Interactive computer games},
	Volume = {22},
	Year = {2001}}

@article{ingrand1992architecture,
	Author = {Ingrand, F.F. and Georgeff, M.P. and Rao, A.S.},
	Journal = {IEEE EXPERT INTELLIGENT SYSTEMS and THEIR APPLICATIONS},
	Pages = {34--44},
	Publisher = {IEEE Computer Society},
	Title = {{An architecture for real-time reasoning and system control}},
	Year = {1992}}

@article{shoham1993agent,
	Author = {Shoham, Y.},
	Journal = {Artificial intelligence},
	Number = {1},
	Pages = {51--92},
	Publisher = {Elsevier},
	Title = {Agent-oriented programming},
	Volume = {60},
	Year = {1993}}

@inproceedings{doyle1998annotated,
	Address = {New York, NY, USA},
	Author = {Doyle, Patrick and Hayes-Roth, Barbara},
	booktitle = {\textbf{Proceedings...}},
	Organization = {International Conference on Autonomous Agents},
	conference-location = {2nd., 1998, Melbourne, Austr√°lia.},
	pages = {173--180},
	Publisher = {ACM},
	Title = {Agents in annotated worlds},
	Year = {1998}}

@article{adam2009alfototoe,
	Author = {Adam, C. and Herzig, A. and Longin, D.},
	Journal = {Synthese},
	Pages = {201--248},
	Publisher = {Springer},
	Title = {A logical formalization of the OCC theory of emotions},
	Volume = {168},
	Year = {2009}}

@article{nareyek2001review,
	Author = {Nareyek, A.},
	Journal = {Computers and Games},
	Pages = {414--422},
	Publisher = {Springer},
	Title = {{Review: Intelligent agents for computer games}},
	Year = {2001}}

@article{fatemeh2009multi,
	Author = {Fatemeh, D. and Hassan, B.},
	Journal = {Journal of Control Science and Engineering},
	Publisher = {Hindawi Publishing Corporation},
	Title = {{Multi-Agent Systems in Control Engineering: A Survey}},
	Volume = {2009},
	Year = {2009}}

@article{rao1996agentspeak,
	Author = {Rao, A.},
	Journal = {Agents Breaking Away},
	Pages = {42--55},
	Publisher = {Springer},
	Title = {{AgentSpeak (L): BDI agents speak out in a logical computable language}},
	Year = {1996}}

@article{ricci31cartago,
	Author = {Ricci, A. and Viroli, M. and Omicini, A.},
	Journal = {Workshop E4MAS},
	Pages = {102--119},
	Title = {{CArtAgO: An infrastructure for engineering computational environments in MAS}},
	Year = {2006}}

@inproceedings{franklin1997agent,
	Address = {London, UK},
	Author = {Franklin, Stan and Graesser, Art},
	Organization = {Workshop on Intelligent Agents III, Agent Theories, Architectures, and Languages},
	conference-location = {ECAI '96, 1996, Budapeste, Hungria.},
	booktitle = {\textbf{Proceedings...}},
	Pages = {21--35},
	Publisher = {Springer-Verlag},
	Title = {Is it an Agent, or Just a Program?: A Taxonomy for Autonomous Agents},
	Year = {1997}}

@article{bates1994role,
	Address = {New York, NY, USA},
	Author = {Bates, Joseph},
	Journal = {Commun. ACM},
	Number = {7},
	Pages = {122--125},
	Publisher = {ACM},
	Title = {The role of emotion in believable agents},
	Volume = {37},
	Year = {1994}}

@article{roadmap,
	Address = {Hingham, MA, USA},
	Author = {Jennings, Nicholas R. and Sycara, Katia and Wooldridge, Michael},
	Journal = {Autonomous Agents and Multi-Agent Systems},
	Pages = {7--38},
	Publisher = {Kluwer Academic Publishers},
	Title = {A Roadmap of Agent Research and Development},
	Volume = {1},
	Year = {1998}}

@article{Pic98,
	Author = {R. W. Picard},
	Publisher = {Cambridge: MIT},
	Title = {Affective Computing},
	Year = {1998}}

@article{dias-agents,
	Author = {Dias, J. and Paiva, A.},
	Journal = {Doctoral Mentoring Program},
	Title = {{Agents with Emotional Intelligence for Storytelling}},
	Year = {2009}}

@inproceedings{wks2008towards,
	Address = {Berlin, Heidelberg},
	Author = {L{\'o}pez, Juan Miguel and Gil, Rosa and Garc\'{\i}a, Roberto and Cearreta, Idoia and Garay, Nestor},
	Organization ={World Summit on the Knowledge Society},
	conference-location={1st., 2008, Athens, Greece.},
	booktitle = {\textbf{Proceedings...}},
	conference-location = {Athens, Greece},
	pages = {96--104},
	Publisher = {Springer-Verlag},
	Title = {Towards an Ontology for Describing Emotions},
	Year = {2008}}

@inproceedings{kallmann1999modeling,
	Address = {Lisbon, Portugal},
	Author = {Kallmann, M. and Thalmann, D.},
	Organization = {Workshop on Computer Animation and Simulation},
	conference-location={EGCAS'97, 8th, 1997, Budapeste, Hungria.},
	booktitle = {\textbf{Proceedings...}},
	Publisher = {Springer Verlag Wien},
	Title = {Modeling objects for Interaction Tasks},
	Year = {1998}}

@misc{bick2003relational,
	Author = {Bickmore, T.},
	Title = {Relational Agents: Effecting Change through Human-Computer Relationships},
	Url = {http://affect.media.mit.edu/projectpages/relational/},
	Urlaccessdate = {28 oct. 2009}}

@misc{kirsch1999affective,
	Author = {Kirsch, D.},
	Title = {{The Affective Tigger}},
	Url = {http://affect.media.mit.edu/projectpages/archived/projects/Atigger.html},
	Urlacessdate = {01 nov. 2009}}

